%% This BibTeX bibliography file was created using BibDesk.
%% https://bibdesk.sourceforge.io/

%% Created for Pierre-Francois Loos at 2023-06-18 10:46:35 +0200 


%% Saved with string encoding Unicode (UTF-8) 



@misc{eomccgen,
	archiveprefix = {arXiv},
	author = {Ra{\'u}l Quintero-Monsebaiz and Pierre-Fran{\c c}ois Loos},
	date-added = {2023-06-18 10:46:30 +0200},
	date-modified = {2023-06-18 10:46:35 +0200},
	eprint = {2306.01573},
	primaryclass = {physics.chem-ph},
	title = {Equation Generator for Equation-of-Motion Coupled Cluster Assisted by Computer Algebra System},
	year = {2023}}

@incollection{Crawford_2000,
	author = {Crawford, T. Daniel and Schaefer, Henry F.},
	booktitle = {Reviews in {{Computational Chemistry}}},
	date-added = {2023-06-17 09:52:46 +0200},
	date-modified = {2023-06-17 09:52:46 +0200},
	doi = {10.1002/9780470125915.ch2},
	file = {/home/antoinem/Zotero/storage/SS7HANWJ/9780470125915.html},
	isbn = {978-0-470-12591-5},
	pages = {33--136},
	publisher = {{John Wiley \& Sons, Ltd}},
	title = {An {{Introduction}} to {{Coupled Cluster Theory}} for {{Computational Chemists}}},
	year = {2000},
	bdsk-url-1 = {https://doi.org/10.1002/9780470125915.ch2}}

@article{Scuseria_2013,
	author = {Scuseria,Gustavo E. and Henderson,Thomas M. and Bulik,Ireneusz W.},
	date-added = {2023-06-17 09:34:58 +0200},
	date-modified = {2023-06-17 09:34:58 +0200},
	doi = {10.1063/1.4820557},
	journal = {J. Chem. Phys.},
	number = {10},
	pages = {104113},
	title = {Particle-particle and quasiparticle random phase approximations: Connections to coupled cluster theory},
	volume = {139},
	year = {2013},
	bdsk-url-1 = {https://doi.org/10.1063/1.4820557}}

@article{Strinati_1988,
	author = {Strinati, G.},
	date-added = {2023-06-17 09:33:39 +0200},
	date-modified = {2023-06-17 09:33:39 +0200},
	doi = {10.1007/BF02725962},
	journal = {Riv. Nuovo Cimento},
	pages = {1--86},
	title = {Application of the {{Green}}'s Functions Method to the Study of the Optical Properties of Semiconductors},
	volume = {11},
	year = {1988},
	bdsk-url-1 = {https://dx.doi.org/10.1007/BF02725962}}

@book{ShavittBook,
	address = {{Cambridge}},
	author = {Shavitt, Isaiah and Bartlett, Rodney J.},
	date-added = {2023-06-16 17:50:16 +0200},
	date-modified = {2023-06-16 17:50:24 +0200},
	doi = {10.1017/CBO9780511596834},
	isbn = {978-0-521-81832-2},
	publisher = {{Cambridge University Press}},
	series = {Cambridge {{Molecular Science}}},
	title = {Many-{{Body Methods}} in {{Chemistry}} and {{Physics}}: {{MBPT}} and {{Coupled-Cluster Theory}}},
	year = {2009},
	bdsk-url-1 = {https://doi.org/10.1017/CBO9780511596834}}

@incollection{CsanakBook,
	author = {Csanak, Gy and Taylor, HS and Yaris, Robert},
	booktitle = {Advances in atomic and molecular physics},
	date-added = {2023-06-16 17:47:23 +0200},
	date-modified = {2023-06-16 17:47:23 +0200},
	pages = {287--361},
	publisher = {Elsevier},
	title = {Green's function technique in atomic and molecular physics},
	volume = {7},
	year = {1971}}

@book{MattuckBook,
	address = {New York},
	author = {Mattuck, Richard D.},
	date-added = {2023-06-16 17:47:02 +0200},
	date-modified = {2023-06-16 17:47:02 +0200},
	edition = {2nd},
	isbn = {978-0-486-67047-8},
	keywords = {Feynman diagrams, Many-body problem},
	publisher = {Dover Publications},
	series = {Dover books on physics and chemistry},
	title = {A guide to {Feynman} diagrams in the many-body problem},
	year = {1992}}

@book{ParrBook,
	address = {Clarendon Press},
	author = {R. G. Parr and W. Yang},
	date-added = {2023-06-16 17:46:39 +0200},
	date-modified = {2023-06-16 17:46:39 +0200},
	keywords = {dft; qmech},
	publisher = {Oxford},
	title = {Density-Functional Theory of Atoms and Molecules},
	year = {1989}}

@book{SchuckBook,
	author = {P. Ring and P. Schuck},
	date-added = {2023-06-16 17:46:06 +0200},
	date-modified = {2023-06-16 17:46:09 +0200},
	publisher = {Springer},
	title = {The Nuclear Many-Body Problem},
	year = {2004}}

@book{JensenBook,
	address = {New York},
	author = {F. Jensen},
	date-added = {2023-06-16 17:45:32 +0200},
	date-modified = {2023-06-16 17:45:32 +0200},
	edition = {3rd},
	keywords = {qmech},
	publisher = {Wiley},
	title = {Introduction to Computational Chemistry},
	year = {2017}}

@book{UlrichBook,
	address = {New York},
	author = {Ullrich, C.},
	date-added = {2023-06-16 17:44:42 +0200},
	date-modified = {2023-06-16 17:44:42 +0200},
	publisher = {Oxford University Press},
	series = {Oxford Graduate Texts},
	title = {Time-Dependent Density-Functional Theory: Concepts and Applications},
	year = {2012}}

@book{FetterBook,
	author = {A. L. Fetter and J. D. Waleck},
	date-added = {2023-06-16 17:44:34 +0200},
	date-modified = {2023-06-16 17:44:34 +0200},
	publisher = {McGraw Hill, San Francisco},
	title = {Quantum Theory of Many Particle Systems},
	year = {1971}}

@book{HelgakerBook,
	author = {T. Helgaker and P. J{\o}rgensen and J. Olsen},
	date-added = {2023-06-16 17:44:09 +0200},
	date-modified = {2023-06-17 09:18:45 +0200},
	owner = {joshua},
	publisher = {John Wiley \& Sons, Inc.},
	timestamp = {2014.11.24},
	title = {Molecular Electronic-Structure Theory},
	year = {2013}}

@book{MartinBook,
	author = {Richard M. Martin and Lucia Reining and David M. Ceperley},
	date-added = {2023-06-16 17:43:49 +0200},
	date-modified = {2023-06-16 17:45:13 +0200},
	publisher = {Cambridge University Press},
	title = {Interacting Electrons: Theory and Computational Approaches},
	year = {2016}}

@book{SzaboBook,
	address = {New York},
	author = {A. Szabo and N. S. Ostlund},
	date-added = {2023-06-16 17:43:12 +0200},
	date-modified = {2023-06-16 17:43:12 +0200},
	keywords = {qmech},
	publisher = {McGraw-Hill},
	title = {Modern quantum chemistry},
	year = {1989}}

@article{Casida_2005,
	author = {Casida, M. E.},
	date-added = {2020-05-29 10:21:26 +0200},
	date-modified = {2020-05-29 10:22:06 +0200},
	doi = {10.1063/1.1836757},
	journal = {J. Chem. Phys.},
	pages = {054111},
	title = {Propagator Corrections to Adiabatic Time- Dependent Density-Functional Theory Linear Response Theory},
	volume = {122},
	year = {2005},
	bdsk-url-1 = {https://doi.org/10.1063/1.1836757}}

@article{Monino_2021,
	author = {Monino, Enzo and Loos, Pierre-Fran{\c c}ois},
	date-added = {2021-11-03 09:20:51 +0100},
	date-modified = {2021-11-03 09:21:12 +0100},
	doi = {10.1021/acs.jctc.1c00074},
	file = {/Users/monino/Zotero/storage/7FNPDUB8/Monino et Loos - 2021 - Spin-Conserved and Spin-Flip Optical Excitations f.pdf;/Users/monino/Zotero/storage/N3BQHWTD/acs.jctc.html},
	journal = {J. Chem. Theory Comput.},
	number = {5},
	pages = {2852--2867},
	title = {Spin-Conserved and Spin-Flip Optical Excitations from the {{Bethe}}\textendash{{Salpeter}} Equation Formalism},
	volume = {17},
	year = {2021},
	bdsk-url-1 = {https://doi.org/10.1021/acs.jctc.1c00074}}

@article{Tolle_2023,
	author = {T{\"o}lle, Johannes and {Kin-Lic Chan}, Garnet},
	date-added = {2023-05-11 15:29:36 +0200},
	date-modified = {2023-05-11 15:30:09 +0200},
	doi = {10.1063/5.0139716},
	journal = {J. Chem. Phys.},
	pages = {124123},
	title = {Exact Relationships between the {{GW}} Approximation and Equation-of-Motion Coupled-Cluster Theories through the Quasi-Boson Formalism},
	volume = {158},
	year = {2023},
	bdsk-url-1 = {https://doi.org/10.1063/5.0139716}}

@article{Peng_2013,
	author = {Peng, Degao and Steinmann, Stephan N. and {van Aggelen}, Helen and Yang, Weitao},
	doi = {10.1063/1.4820556},
	file = {/Users/monino/Zotero/storage/7Z5AAY73/Peng et al. - 2013 - Equivalence of particle-particle random phase appr.pdf},
	issn = {0021-9606, 1089-7690},
	journal = {J. Chem. Phys.},
	langid = {english},
	month = sep,
	number = {10},
	pages = {104112},
	title = {Equivalence of Particle-Particle Random Phase Approximation Correlation Energy and Ladder-Coupled-Cluster Doubles},
	volume = {139},
	year = {2013},
	bdsk-url-1 = {https://doi.org/10.1063/1.4820556}}

@article{Loos_2020h,
	author = {Loos, Pierre-Fran{\c c}ois and Blase, Xavier},
	doi = {10.1063/5.0023168},
	journal = {J. Chem. Phys.},
	number = {11},
	pages = {114120},
	title = {Dynamical Correction to the {{Bethe}}\textendash{{Salpeter}} Equation beyond the Plasmon-Pole Approximation},
	volume = {153},
	year = {2020},
	bdsk-url-1 = {https://doi.org/10.1063/5.0023168}}

@article{Backhouse_2020a,
	author = {Backhouse, Oliver J. and Nusspickel, Max and Booth, George H.},
	date-added = {2022-02-22 13:31:26 +0100},
	date-modified = {2022-02-22 13:32:17 +0100},
	doi = {10.1021/acs.jctc.9b01182},
	journal = {J. Chem. Theory Comput.},
	number = {2},
	pages = {1090--1104},
	title = {Wave Function Perspective and Efficient Truncation of Renormalized Second-Order Perturbation Theory},
	volume = {16},
	year = {2020},
	bdsk-url-1 = {https://doi.org/10.1021/acs.jctc.9b01182}}

@article{Bintrim_2021,
	author = {Bintrim, Sylvia J. and Berkelbach, Timothy C.},
	date-added = {2021-11-03 22:50:51 +0100},
	date-modified = {2021-11-03 22:51:09 +0100},
	doi = {10.1063/5.0035141},
	file = {/Users/monino/Zotero/storage/PCX3BEZC/Bintrim et Berkelbach - 2021 - Full-frequency GW without frequency.pdf},
	journal = {J. Chem. Phys.},
	number = {4},
	pages = {041101},
	title = {Full-Frequency {{GW}} without Frequency},
	volume = {154},
	year = {2021},
	bdsk-url-1 = {https://doi.org/10.1063/5.0035141}}

@article{Monino_2022,
	author = {Monino, Enzo and Loos, Pierre-Fran{\c c}ois},
	doi = {10.1063/5.0089317},
	journal = {J. Chem. Phys.},
	number = {23},
	pages = {231101},
	title = {Unphysical Discontinuities, Intruder States and Regularization in {{GW}} Methods},
	volume = {156},
	year = {2022},
	bdsk-url-1 = {https://doi.org/10.1063/5.0089317}}
